%%% BIBLIOGRAPHIE

%%% PAPER

% mobile game fsr variant
@inproceedings{dong2022rendersr,
  title={RenderSR: A Lightweight Super-Resolution Model for Mobile Gaming Upscaling},
  author={Dong, Tingxing Tim and Yan, Hao and Parasar, Mayank and Krisch, Raun},
  booktitle={Proceedings of the IEEE/CVF Conference on Computer Vision and Pattern Recognition},
  pages={3087--3095},
  year={2022}
}

% unsharp masking
@article{deng2010generalized,
  title={A generalized unsharp masking algorithm},
  author={Deng, Guang},
  journal={IEEE transactions on Image Processing},
  volume={20},
  number={5},
  pages={1249--1261},
  year={2010},
  publisher={IEEE}
}

% image upscaling picture ref 1 and paper with fsr
@inproceedings{wang2022interpolation,
  title={Interpolation and Sharpening for Image Upsampling},
  author={Wang, Xun},
  booktitle={2022 2nd International Conference on Computer Graphics, Image and Virtualization (ICCGIV)},
  pages={73--77},
  year={2022},
  organization={IEEE}
}

% Samuels reference paper with specialized up algos with deep learning
@article{wang2020deep,
  title={Deep learning for image super-resolution: A survey},
  author={Wang, Zhihao and Chen, Jian and Hoi, Steven CH},
  journal={IEEE transactions on pattern analysis and machine intelligence},
  volume={43},
  number={10},
  pages={3365--3387},
  year={2020},
  publisher={IEEE}
}

% deep learning upsampling

% Supervised

% CNN
@article{Gao2020PixelTC,
  title={Pixel Transposed Convolutional Networks},
  author={Hongyang Gao and Hao Yuan and Zhengyang Wang and Shuiwang Ji},
  journal={IEEE Transactions on Pattern Analysis and Machine Intelligence},
  year={2020},
  volume={42},
  pages={1218-1227}
}

% GAN
@article{Sharma2020HighresolutionID,
  title={High-resolution image de-raining using conditional GAN with sub-pixel upscaling},
  author={Prasen Kumar Sharma and Sathisha Basavaraju and Arijit Sur},
  journal={Multimedia Tools and Applications},
  year={2020},
  volume={80},
  pages={1075-1094}
}

% Unsupervised

%UNet
@article{Sharma2022ADL,
  title={A Deep Learning Approach to Upscaling “Low-Quality” MR Images: An In Silico Comparison Study Based on the UNet Framework},
  author={Rishabh Sharma and Panagiotis Tsiamyrtzis and Andrew G. Webb and Ioannis Seimenis and Constantinos Loukas and Ernst Leiss and Nikolaos V. Tsekos},
  journal={Applied Sciences},
  year={2022}
}

% Anti-aliasing

% anti aliasing ex
@inproceedings{gu2022super,
  title={Super-Resolution by Predicting Offsets: An Ultra-Efficient Super-Resolution Network for Rasterized Images},
  author={Gu, Jinjin and Cai, Haoming and Dong, Chenyu and Zhang, Ruofan and Zhang, Yulun and Yang, Wenming and Yuan, Chun},
  booktitle={Computer Vision--ECCV 2022: 17th European Conference, Tel Aviv, Israel, October 23--27, 2022, Proceedings, Part XIX},
  pages={583--598},
  year={2022},
  organization={Springer}
}

% Image Quality metric
@article{Soufi2022BenchmarkOD,
  title={Benchmark of deep learning models for single image super-resolution (SISR)},
  author={Omar Soufi and Zineb Aarab and Fatima-Zahra Belouadha},
  journal={2022 2nd International Conference on Innovative Research in Applied Science, Engineering and Technology (IRASET)},
  year={2022},
  pages={1-8}
}

%%% ONLINE

% Ray Tracing
@online{ray_tracing,
  title = {What is ray tracing, and how will it change games? },
  author = {Jon Martindale},
  url = {https://www.digitaltrends.com/computing/what-is-ray-tracing/},
  urldate = {2023-05-30},
  Keywords = {online}
  }

% Nividia DLSS web site
@online{dlss,
  title = {NVIDIA DLSS},
  author = {NVIDIA},
  url = {https://www.nvidia.com/de-de/geforce/technologies/dlss/},
  urldate = {2023-05-30},
  Keywords = {online}
  }

% AMD FSR web site
@online{fsr,
  title = {AMD FidelityFX Super Resolution},
  author = {AMD},
  url = {https://www.amd.com/en/technologies/fidelityfx-super-resolution},
  urldate = {2023-05-30},
  Keywords = {online}
}


% Patch for Cyberpunk Ray Tracing Overdrive Mode
@online{ray_tracing_overdrive,
  title = {Patch 1.62 — Ray Tracing: Overdrive Mode},
  author = {CD Project Red},
  url = {https://www.cyberpunk.net/en/news/47875/patch-1-62-ray-tracing-overdrive-mode},
  urldate = {2023-05-30},
  Keywords = {online}
  }


% Ray tracing in one weekend -> Path Tracing explained
@online{Shirley2020RTW1,
   title = {Ray Tracing in One Weekend},
   author = {Peter Shirley},
   year = {2020},
   month = {12},
   url = {https://raytracing.github.io/books/RayTracingInOneWeekend.html},
   Keywords = {online}
}

% 4k GPU benchmark
@online{4k_gpu_bench,
   title = {Grafikkarten-Rangliste 2023},
   author = {Raffael Vötter},
   url = {https://www.pcgameshardware.de/Grafikkarten-Grafikkarte-97980/Specials/Rangliste-GPU-Grafikchip-Benchmark-1174201/},
   urldate = {2023-05-30},
   Keywords = {online}
}

% Digital Foundry Youtube on RTX Overdrive
@online{digital_foundry_ray,
   title = {Cyperpunk 2077 Ray Tracing: Overdrive Technology Preview on RTX 4090},
   author = {Digital Foundry},
   url = {https://www.youtube.com/watch?v=I-ORt8313Og},
   urldate = {2023-05-30},
   Keywords = {online}
}

% Zelda TotK fsr
@online{digital_foundry_zelda_fsr,
   title = {The Legend of Zelda: Tears of the Kingdom - DF Tech Review},
   author = {Digital Foundry},
   url = {https://www.youtube.com/watch?v=BLlZBwN_-C4},
   urldate = {2023-05-30},
   Keywords = {online}
}

% nearest neighbour interpolation
@online{nearest_n,
   title = {Nearest Neighbour Interpolation},
   author = {Krystian Wojcicki},
   url = {https://kwojcicki.github.io/blog/NEAREST-NEIGHBOUR},
   urldate = {2023-06-01},
   Keywords = {online}
}

% image interpolation def
@online{image_interpolation_def,
   title = {Image Demosaicing or Interpolation methods},
   author = {Atul Krishna Singh, Pankaj Kang},
   url = {https://theailearner.com/2018/11/15/image-demosaicing-or-interpolation-methods/},
   urldate = {2023-06-01},
   Keywords = {online}
}

% bilinear
@online{bilinear,
   title = {Image Processing – Bilinear Interpolation},
   author = {Atul Krishna Singh, Pankaj Kang},
   url = {https://theailearner.com/2018/12/29/image-processing-bilinear-interpolation/},
   urldate = {2023-06-01},
   Keywords = {online}
}

% bicubic
@online{bicubic,
   title = {Image Processing – Bicubic Interpolation},
   author = {Atul Krishna Singh, Pankaj Kang},
   url = {https://theailearner.com/2018/12/29/image-processing-bicubic-interpolation/},
   urldate = {2023-06-01},
   Keywords = {online}
}

% Convolution
@online{conv_explained,
   title = {Image Processing – Bicubic Interpolation},
   author = {https://betterexplained.com/articles/intuitive-convolution/},
   url = {https://betterexplained.com/articles/intuitive-convolution/},
   urldate = {2023-06-01},
   Keywords = {online}
}

% anti aliasing def
@online{antialiasing_def,
   title = {Computer Graphics | Antialiasing},
   author = {tembulkarabhinav},
   url = {https://www.geeksforgeeks.org/computer-graphics-antialiasing/},
   urldate = {2023-06-01},
   Keywords = {online}
}


% anti aliasing types
@online{antialiasing_types,
   title = {What is Anti-Aliasing? Different Types of Anti-Aliasing Techniques},
   author = {Ravi Teja},
   url = {https://www.electronicshub.org/anti-aliasing/},
   urldate = {2023-06-01},
   Keywords = {online}
}

% stuttgarter boy with same seminar paper
@online{stuttgart_boy,
   title = {Real Time Image Upscaling \& Deep Learning},
   author = {Michael Singer},
   url = {https://ai.hdm-stuttgart.de/downloads/student-white-paper/Winter-2223/Real_Time_Image_Upscaling.pdf},
   urldate = {2023-06-01},
   Keywords = {online}
}

%%% BOOKS
% Blood, Sweat and Pixels BABEE
@book{schreier2017blood,
  title={Blood, sweat, and pixels: The triumphant, turbulent stories behind how video games are made},
  author={Schreier, Jason},
  year={2017},
  publisher={Harper New York}
}

% Neural Network book
@book{goodfellow2016deep,
  title={Deep learning},
  author={Goodfellow, Ian and Bengio, Yoshua and Courville, Aaron},
  year={2016},
  publisher={MIT press}
}

%%% LUDOGRAPHY

@misc{Cyperpunk,
	Author = {{CD Project Red}},
	Date-Added = {/},
	Date-Modified = {/},
	Howpublished = {\url{https://www.cyberpunk.net/de/en/}},
	Keywords = {game},
	Note = {Last accessed 2023-05-30},
	Title = {{Cyberpunk 2077}},
	Year = {2020}}

@misc{ZeldaTotK,
	Author = {{Nintendo}},
	Date-Added = {/},
	Date-Modified = {/},
	Howpublished = {\url{https://www.zelda.com/tears-of-the-kingdom/}},
	Keywords = {game},
	Note = {Last accessed 2023-05-30},
	Title = {{The Legend of Zelda Tears of the Kingdom}},
	Year = {2023}}
